@ONLINE{voxel,
	author = {Rosenburg, David},
	title = {Triangle Mesh Voxelization},
	date = {23 Nov 2009},
	url = {http://blog.wolfire.com/2009/11/Triangle-mesh-voxelization},
}
