@article{rivers,
 author = {Rivers, Alec R. and James, Doug L.},
 title = {Fast{LSM}: {F}ast {L}attice {S}hape {M}atching for {R}obust {R}eal-{T}ime {D}eformation},
 journal = {ACM Trans. Graph.},
 issue_date = {July 2007},
 volume = {26},
 number = {3},
 month = jul,
 year = {2007},
 issn = {0730-0301},
 articleno = {82},
 url = {http://doi.acm.org/10.1145/1276377.1276480},
 doi = {10.1145/1276377.1276480},
 acmid = {1276480},
 publisher = {ACM},
 address = {New York, NY, USA},
 keywords = {domain embedding, fast summation, fracturing, free-form deformation, interactive dynamics, large deformation, polar decomposition, shape matching, soft body, summed-area tables, video game physics},
} 

@misc{rosen,
author = {Rosen, David},
title = {Triangle {M}esh {V}oxelization},
journal = {Wolfire Blog},
type = {Blog},
number = {November 23},
year = {2009},
howpublished = {\url{http://blog.wolfire.com/2009/11/Triangle-mesh-voxelization}}
}
